@Book{rozporzadzenie,
	title = "Rozporządzenie Ministra Infrastruktury z dnia 3 lipca 2003 r. w sprawie szczegółowych warunków technicznych dla znaków i sygnałów drogowych oraz urządzeń bezpieczeństwa ruchu drogowego i warunków ich umieszczania na drogach",
	publisher = "Dz. U. 2003, nr 220, z 23.12.2003 r., poz. 2181"
}

@Article{kawalec+sobieszuk-durka,
	author =    "Piotr Kawalec and Sylwia Sobieszuk-Durka",
	title =     "Metody i algorytmy obszarowego sterowania ruchem drogowym",
	journal =   "Prace Naukowe Politechniki Warszawskiej",
	number =    80,
	year =      2011
}

@Article{bernas+placzek,
	author =    "Marcin Bernaś and Bartłomiej Płaczek",
	title =     "Zastosowanie automatu komórkowego do modelowania ruchu drogowego w zmiennych warunkach pogodowych",
	journal =   "Zeszyty Naukowe Politechniki Śląskiej",
	number =    72,
	year =      2011
}

@Article{nasch,
	author =    "Kai Nagel and Michael Schreckenberg",
	title =     "A cellular automaton model for freeway traffic",
	journal =   "J. Phys. I France 2",
	year =      1992
}

@MastersThesis{bartodziej,
	author =    "Maciej Bartodziej",
	title =     "Modelowanie ruchu ulicznego za pomocą automatów komórkowych",
	school =    "Politechnika Wrocławska",
	address =   "Wrocław",
	year =      2007
}

@Article{zakrzewski,
	author =    "Patryk Zakrzewski",
	title =     "Inteligentny system sterowania ruchem regionu podhalańskiego",
	journal =   "Drogi Budownictwo Infrastrukturalne",
	number =    "01/2012",
	year =      2012
}

@Article{jamroz+oskarbski,
	author =    "Kazimierz Jamroz and Jacek Oskarbski",
	title =     "Inteligentny system transportu dla aglomeracji trójmiejskiej",
	journal =   "Telekomunikacja i Techniki Informacyjne",
	number =    "01/2009",
	year =      2009
}

@inproceedings{pluta-zaremba+cichosz+nowicka,
	author =    "Aneta Pluta-Zaremba and Marzenna Cichosz and Katarzyna Nowicka",
	title =     "Innowacje w zarządzaniu transportem miejskim w Polsce - wyniki badań",
	publisher = "Konferencja Miasta - Rozwój przez Innowację, Warszawa",
	year      = 2013
}

@MastersThesis{ruchaj,
	author =    "Marcin Ruchaj",
	title =     "Algorytmy sterowania acykliczną sygnalizacją świetlną w zatłoczonej sieci drogowej",
	school =    "Politechnika Opolska",
	address =   "Opole",
	year =      2012
}